@article{fisher36,
		author="R.A.Fisher and Sc.D. and F.R.S",
		title="The use of multiple measurements in taxonomic problems",
		journal="Annals of Eugenics",
		volume="7",
		year="1936",
		pages="179-188"
}

@article{liblinear,
				author="Rong-En Fan and Kai-Wei Chang and Cho-Jui Hsieh and Xiang-Rui Wang and Chih-Jen Lin",
				title="LIBLINEAR: A library for large linear classification",
				journal="Journal of Machine Learning Research",
				volume="9",
				year="2008",
				pages="1871-1874"
}

@article{saga,
				author="Aaron Defazio and Francis Bach and Simon Lacoste-Julien",
				title="SAGA: A fast incremental gradient method with support for non-strongly
					 convex composite objectives",
				journal="arXiv:1407.0202v3",
				year="2014"
}

@article{sag,
				author="Mark Schmidt and Nicolas Le Roux and Francis Bach",
				title="Minimizing finite sums with the stochastic average gradient",
				journal="Mathematical Programming, Springer Verlag",
				volume="162(1-2)",
				year="2017",
				pages="83-112"
}

@article{lbfgsb97,
				author="Ciyou Zhu and Richard H. Byrd and Peihuang Lu and Jorge Nocedal",
				title="L-BFGS-B -- Fortran subroutines for large-scale bound constrained
					 optimization",
				journal="ACM Transactions on Mathematical Software",
				volume="23",
				year="1997",
				pages="550-560"
}


@article{lbfgsb94,
				author="Ciyou Zhu and Richard H. Byrd and Peihuang Lu and Jorge Nocedal",
				title="A limited memory algorithm for bound constrained optimization",
				journal="SIAM J. Sci. Comput.",
				volume="16(5)",
				year="1994",
				pages="1190-1208"
}

